<?xml version="1.0" encoding="UTF-8"?><collection xmlns="http://www.loc.gov/MARC21/slim"><record><leader>00384nam--2200157-u-4500</leader><controlfield tag="001">000051691</controlfield><controlfield tag="002">20161230</controlfield><controlfield tag="005">20161230201049</controlfield><controlfield tag="008">080820s1000------------r-----000-0-eng-d</controlfield><datafield ind1=" " ind2=" " tag="040"><subfield code="a">IFIN-HH</subfield></datafield><datafield ind1="1" ind2=" " tag="100"><subfield code="a">Leontiev, A. F</subfield></datafield><datafield ind1="1" ind2="0" tag="245"><subfield code="a">Obobsceniia riadov eksponent</subfield></datafield><datafield ind1=" " ind2=" " tag="260"><subfield code="a">Moskva</subfield><subfield code="b">Nauka</subfield><subfield code="c">1981</subfield></datafield><datafield ind1=" " ind2=" " tag="300"><subfield code="a">320 p</subfield></datafield><datafield ind1=" " ind2=" " tag="852"><subfield code="a">48016</subfield><subfield code="c">517.53 : 517.55</subfield></datafield><datafield ind1=" " ind2=" " tag="CAT"><subfield code="a">Sys</subfield><subfield code="c">20080820</subfield><subfield code="h">132517</subfield></datafield></record></collection>